
@book{barth-1972-chimera,
  author    = {John Barth},
  title     = {Chimera},
  publisher = {Random House},
  year      = {1972}
}

@misc{epigrams-alan,
  author       = {Alan Perlis},
  title        = {Epigrams in Programming},
  url          = {https://www.cs.yale.edu/homes/perlis-alan/quotes.html},
  howpublished = {online},
  note         = {Accessed on 2024-12-24}
}

@book{sicp,
  author    = {Harold Abelson and Gerald Jay Sussman},
  title     = {Structure and Interpretation of Computer Programs},
  edition   = {2nd},
  year      = {1996},
  publisher = {MIT Press},
  address   = {Cambridge, MA},
  isbn      = {978-0262510875},
  url       = {https://mitpress.mit.edu/sites/default/files/sicp/index.html}
}

@online{metacircular-lecture,
  author       = {Gerald Jay Sussman},
  title        = {Lecture 7A: Metacircular Evaluator, Part 1},
  url          = {https://youtu.be/aAlR3cezPJg},
  howpublished = {online},
  note         = {Accessed on 2024-12-24}
}

@online{language-features,
  author       = {Gerald Jay Sussman},
  title        = {Lecture 7B: Metacircular Evaluator, Part 2},
  url          = {https://youtu.be/QVEOq5k6Xi0},
  howpublished = {online},
  note         = {Accessed on 2024-12-24}
}

@online{one-way-to-thing-about-computer-programming,
  author       = {Harold Abelson},
  title        = {Lecture 8A: Logic Programming, Part 1},
  url          = {https://youtu.be/rCqMiPk1BJE},
  howpublished = {online},
  note         = {Accessed on 2024-12-28}
}